%% This BibTeX bibliography file was created using BibDesk.
%% http://bibdesk.sourceforge.net/


%% Created for Andreas Hellander at 2011-03-18 11:41:45 +0100 


%% Saved with string encoding Unicode (UTF-8) 


@preamble{"\providecommand{\noopsort}[1]{}"}

@article{URDMEpaper,
	Author = {B.~Drawert and S.~Engblom and A.~Hellander},
	Journal = {BMC Syst.~Biol.},
	Number = {76},
	Pages = {1--17},
	Title = {{URDME}: a modular framework for stochastic simulation of reaction-transport processes in complex geometries},
	Volume = {6},
	Year = {2012}
}

@article{DFSP,
	Author = {Brian Drawert and Michael J. Lawson and Linda Petzold and Mustafa Khammash},
	Journal = {J. Chem. Phys.},
	Number = {7},
	Pages = {074101},
	Title = {The diffusive finite state projection algorithm for efficient simulation of the stochastic reaction-diffusion master equation},
	Volume = {132},
	Year = {2010}}

@techreport{URDMEman,
	Author = {Josef Cullhed and Stefan Engblom and Andreas Hellander},
	Institution = {Department of Information Technology, Uppsala University},
	Number = {2008-022},
	Title = {The {URDME} manual version 1.0},
	Year = {2008}}

@techreport{URDMEman2,
	Author = {B.~Drawert and S.~Engblom and A.~Hellander},
	Institution = {Dept of Information Technology, Uppsala University},
	Number = {2011-003},
	Title = {{URDME} v.~1.1: User's manual},
	Year = {2011}
}

@article{BARKAILEIBLER,
	Author = {Naama Barkai and Stanislav Leibler},
	Date-Added = {2008-06-06 17:17:03 +0200},
	Date-Modified = {2008-06-06 17:18:07 +0200},
	Journal = {Nature},
	Pages = {267--268},
	Title = {Circadian clocks limited by noise},
	Volume = {403},
	Year = {2000}}

@book{Markovappr,
	Address = {New York},
	Author = {Stewart N.~Ethier and Thomas G.~Kurtz},
	Publisher = {John Wiley \& Sons},
	Series = {Wiley series in Probability and Mathematical Statistics},
	Title = {Markov Processes: Characterization and Convergence},
	Year = {1986}}

@article{MSSA,
	Author = {Yang Cao and Dan T.~Gillespie and Linda Petzold},
	Date-Added = {2007-09-24 16:02:09 +0200},
	Date-Modified = {2007-10-01 10:25:48 +0200},
	Journal = {J. Comput. Phys.},
	Pages = {395--411},
	Title = {Multiscale stochastic simulation algorithm with partial equilibrium assumption for chemically reacting systems},
	Volume = {206},
	Year = {2005}}

@manual{COMSOL,
        Organization = {Comsol Inc.},
        Title = {Comsol Multiphysics Reference Guide},
        Edition = {4.3}
        Year = {2012}}

@article{nSSA,
	Author = {Weinan E and Di Liu and Eric Vanden-Eijnden},
	Journal = {J. Chem. Phys.},
	Title = {Nested Stochastic Simulation Algorithm for Chemical Kinetic Systems with Disparate Rates},
	Volume = {123, 194107},
	Year = {2005}}

@article{BISTAB,
	Author = {Johan Elf and M{\aa}ns Ehrenberg},
	Journal = {Syst. Biol.},
	Number = {2},
	Title = {Spontaneous Separation of bi--stable biochemical systems into spatial domains of opposite phases},
	Volume = {1},
	Year = {2004}}

@article{Elowitz:2002fj,
	Author = {Elowitz, Michael B. and Levine, Arnold J. and Siggia, Eric D. and Swain, Peter S.},
	Journal = {Science},
	Number = {5584},
	Pages = {1183--1186},
	Title = {Stochastic Gene Expression in a Single Cell},
	Volume = {297},
	Year = {2002}}

@phdthesis{stefan_phd,
	Author = {Stefan Engblom},
	School = {Uppsala University},
	Title = {Numerical Solution Methods in Stochastic Chemical Kinetics},
	Year = {2008}}

@article{EngSpect1,
	Author = {Stefan Engblom},
	Date-Modified = {2011-03-18 11:39:27 +0100},
	Journal = {J.~Comput.~Appl.~Math.},
	Number = {1},
	Title = {Spectral Approximation of Solutions to the Chemical Master Equation},
	Volume = {229},
	Year = {2009}}

@article{EngSpect2,
	Author = {Stefan Engblom},
	Date-Modified = {2011-03-18 11:40:00 +0100},
	Journal = {Commun.~Comput.~Phys.},
	Number = {5},
	Pages = {871--896},
	Title = {Galerkin Spectral Method applied to the Chemical Master Equation},
	Volume = {5},
	Year = {2009}}

@article{SPDEPEFHL,
	Author = {Stefan Engblom and Lars Ferm and Andreas Hellander and Per L{\"o}tstedt},
	Date-Modified = {2011-03-18 11:41:31 +0100},
	Journal = {SIAM J. Scientific. Comp.},
	Number = {3},
	Pages = {1774--1797},
	Title = {Simulation of stochastic reaction--diffusion processes on unstructured meshes},
	Volume = {31},
	Year = {2009}}

@article{MIND,
	Author = {David Fange and Johan Elf},
	Journal = {PLOSB},
	Number = {6},
	Pages = {0637--0647},
	Title = {Noise-induced {M}in Phenotypes in \emph{ {E. coli}}},
	Volume = {2},
	Year = {2006}}

@article{Ferm:fr,
	Author = {Ferm, Lars and L{\"o}tstedt, Per},
	Journal = {Appl. Numer. Math.},
	Number = {1},
	Pages = {265--284},
	Title = {Adaptive solution of the master equation in low dimensions},
	Volume = {59},
	Year = {2009}}

@article{NRM,
	Author = {Michael A. Gibson and Jehoshua Bruck},
	Journal = {J. Phys. Chem.},
	Pages = {1876-1889},
	Title = {Efficient Exact Stochastic Simulation of Chemical Systems with Many Species and Many Channels},
	Volume = {104},
	Year = {2000}}

@article{SSA,
	Author = {Daniel T.~Gillespie},
	Journal = {J. Comput. Phys.},
	Pages = {403-434},
	Title = {A general method for numerically simulating the stochastic time evolution of coupled chemical reacting systems},
	Volume = {22},
	Year = {1976}}

@article{haseltine:6959,
	Author = {Eric L. Haseltine and James B. Rawlings},
	Journal = {J. Chem. Phys.},
	Number = {15},
	Pages = {6959-6969},
	Title = {Approximate simulation of coupled fast and slow reactions for stochastic chemical kinetics},
	Volume = {117},
	Year = {2002}}

@article{mesoRD,
	Author = {Johan Hattne and David Fange and Johan Elf},
	Journal = {Bioinformatics},
	Number = {12},
	Pages = {2923--2924},
	Title = {Stochastic reaction--diffusion simulation with {M}eso{RD}},
	Volume = {21},
	Year = {2005}}

@article{SPGRIDS1,
	Author = {Markus Hegland and Conrad Burden and Lucia Santoso and Shev MacNamara and Hilary Booth},
	Journal = {J. Comput. Appl. Math.},
	Number = {2},
	Pages = {708--724},
	Title = {A solver for the stochastic master equation applied to gene regulatory networks},
	Volume = {205},
	Year = {2007}}

@article{minlic,
	Author = {Andreas Hellander},
	Journal = {Licentiate thesis, Department of Information Technology, Uppsala University},
	Title = {Numerical simulation of well stirred biochemical reaction networks governed by the master equation},
	Year = {2008}}

@article{MYHYB,
	Author = {Andreas Hellander and Per L{\"o}tstedt},
	Journal = {J. Comput. Phys.},
	Number = {1},
	Pages = {127--151},
	Title = {Hybrid method for the chemical master equation},
	Volume = {227},
	Year = {2008}}

@phdthesis{MacThesis,
	Author = {Shev F. MacNamara},
	School = {The University of Queensland, Australia},
	Title = {{K}rylov and {F}inite {S}tate {P}rojection {M}ethods for Simulating {S}tochastic {B}iochemical {K}inetics via the {C}hemical {M}aster {E}quation},
	Year = {2008}}

@article{McAdams:1999fk,
	Author = {McAdams, Harley H. and Arkin, Adam},
	Journal = {Trends in Genetics},
	Number = {2},
	Pages = {65--69},
	Title = {It's a noisy business! {G}enetic regulation at the nanomolar scale},
	Volume = {15},
	Year = {1999}}

@article{Paulsson:2000kx,
	Author = {Paulsson, Johan and Berg, Otto G. and Ehrenberg, Mans},
	Journal = {Proc. Nat. Acad. Sci. USA},
	Number = {13},
	Pages = {7148--7153},
	Title = {Stochastic focusing: Fluctuation-enhanced sensitivity of intracellular regulation},
	Volume = {97},
	Year = {2000}}

@article{Rao:2003df,
	Author = {Rao, Christopher V. and Arkin, Adam P.},
	Journal = {J. Chem. Phys.},
	Number = {11},
	Pages = {4999--5010},
	Title = {Stochastic chemical kinetics and the quasi-steady-state assumption: Application to the {G}illespie algorithm},
	Volume = {118},
	Year = {2003}}

@phdthesis{PaulPhD,
	Author = {Paul Sj{\"o}berg},
	School = {Uppsala University},
	Title = {{N}umerical {M}ethods for {S}tochastic {M}odeling of {Genes} and {Proteins}},
	Year = {2007}}

@article{THATTAI,
	Author = {Mukund Thattai and Alexander van Oudenaarden},
	Journal = {Proc. Nat. Acad. Sci. USA},
	Pages = {8614-8619},
	Title = {Intrinsic noise in gene regulatory networks},
	Volume = {98},
	Year = {2001}}

@article{TAULEAP,
	Author = {Daniel T.~Gillespie},
	Journal = {J. Chem. Phys.},
	Number = {4},
	Pages = {1716--1733},
	Title = {Approximate accelerated stochastic simulation of chemically reacting systems},
	Volume = {115},
	Year = {2001}}
